2960 4870
40 96 49 237 ,Ι

580 216 851 339 *aa-J

7 390 43 503 ιε’
73 403 186 476 ,merid‘
210 401 330 482 (iiothti,
355 410 438 470 alias.
484 409 597 484 Quanto
619 415 711 489 magis
734 412 910 473 censebimus
933 411 1087 485 spondiaca
1107 409 1246 472 voeabula
1259 407 1296 469 ab

7 548 30 605 ,Μ
70 510 124 569 hoc
146 509 219 581 pede
241 511 417 572 abhorrere?
460 515 535 576 Nam
557 516 637 577 Asin.
662 517 724 576 555
746 549 787 591 ‚-
811 516 945 591 periuriis
958 515 1064 575 uostris
1089 546 1125 558 -
1146 531 1231 603 euge
1255 548 1294 558 --

7 648 42 715 ffi—
74 612 171 687 putiti‘
197 616 379 689 -spondeus
401 617 486 678 facile
509 626 660 680 excusatur
682 637 725 688 ea,
751 639 822 696 quae
846 621 952 680 talibus
966 618 1089 679 efficitur
1111 620 1295 713 exclamatio·

7 746 50 809 ‘1⁶³
77 719 170 792 nibus,
193 721 331 780 sermonis
353 723 575 798 intercapedine.
620 726 696 787 Rud,
721 728 781 786 688
804 732 900 786 autem
922 742 986 785 cum
1009 724 1138 783 codicum
1155 725 1298 796 scriptura

7 820 43 925 ,32
75 826 114 883 sit
136 825 190 900 ,Ne
212 827 330 899 inquam
351 829 461 887 timete:
484 829 614 891 adsidete
636 831 683 890 hie
704 833 735 890 iu
757 799 846 894 aras:
872 830 947 903 Quid
968 832 1026 889 ista
1047 846 1100 889 ara
1131 830 1192 903 -‘,
1221 830 1297 902 Gep-

71 934 171 1003 pertus
196 931 264 991 indo
287 931 382 991 effecit
404 938 517 994 secutus
538 934 675 995 Bothium
697 968 746 1011 ,—
771 935 897 996 adsidite
920 936 968 994 bic
988 933 1219 997 marsalciam
1230 933 1298 1008 quid

7 1095 27 1121 Η
72 1035 127 1095 dra
150 1034 210 1111 -—‘,
232 1037 309 1110 quod
332 1053 401 1096 sane
424 1056 480 1098 uun
503 1045 548 1100 est
568 1038 680 1116 iusum,
692 1041 761 1115 quia
778 1040 872 1114 puma
891 1039 1003 1114 syllaba
1023 1039 1104 1098 voois
1118 1036 1298 1114 ,istaec‘sao

12 1196 28 1238 Β,
63 1141 193 1227 'pissime
220 1156 274 1214 pro
300 1140 380 1200 brevi
412 1150 583 1220 usurpatur,
610 1146 660 1205 sed
690 1134 882 1219 propinquius¹
910 1148 964 1218 est,
990 1140 1067 1218 quod
1095 1141 1299 1202 i'teckersenus

75 1247 208 1317 scripsit:
233 1276 283 1318 ,-
307 1245 338 1305 in
361 1245 444 1311 araz:
467 1248 544 1321 Quid
564 1251 654 1309 istaec
681 1248 751 1309 ara‘.
787 1279 826 1291 -
856 1247 968 1307 Deinde
1005 1246 1068 1309 Cas.
1101 1247 1174 1321 bib,
1192 1224 1225 1305 'si
1252 1244 1300 1304 hic

15 1390 26 1448 Α.
76 1364 177 1407 uersus
198 1364 300 1407 reuera
320 1353 364 1408 est
384 1350 523 1410 iambicus
543 1355 737 1441 septenarius,
765 1368 823 1412 nou
854 1351 980 1411 codicem
1002 1351 1028 1412 A
1051 1338 1200 1426 sequemur
1221 1349 1299 1408 exhi·

52 1450 208 1513 ¹bentem:
238 1450 317 1525 ,quid
351 1453 437 1526 opust
464 1461 631 1516 servatam
659 1456 800 1532 nequam‘,
827 1456 904 1530 quod
931 1456 1078 1530 Geppertu
1105 1455 1227 1539 placuit,
1250 1453 1300 1514 sed

7 1606 16 1643 ,l
77 1555 175 1627 potius
196 1554 372 1628 reliquorum
395 1559 567 1631 scripturam
589 1559 795 1633 praeferemus.
839 1560 918 1634 ,quid
940 1559 1023 1620 servo
1050 1564 1137 1634 opust
1156 1563 1217 1618 tam
1247 1553 1300 1618 ud·

10 1646 24 1657 '¹
76 1657 182 1731 quam‘.
211 1686 254 1697 ·—
282 1657 413 1732 Denique
445 1662 528 1737 Capt,
561 1665 624 1724 510
652 1667 709 1739 ,ubi
737 1665 851 1724 Briuius
878 1663 1008 1724 codicum
1031 1660 1145 1736 ¹recepit
1179 1664 1301 1735 seriptu-

10 1830 18 1853 Α
77 1778 153 1821 ram:
176 1791 228 1834 ,-
252 1777 316 1820 eum
340 1757 345 1843 Ι
368 1765 423 1825 sibi
446 1763 478 1824 uit
498 1768 584 1826 luceat
607 1762 728 1842 uidere‘,
750 1775 782 1828 ut
804 1770 890 1828 etiam
913 1770 1069 1841 anapaesto
1088 1768 1185 1825 aditus
1206 1767 1244 1825 sit
1265 1763 1304 1824 ad

11 1856 21 1882 “²
79 1865 156 1924 hunc
178 1867 271 1925 lucum
294 1866 390 1942 datus,
412 1870 492 1941 optio
514 1870 597 1930 uobis
618 1877 662 1930 est
683 1873 760 1930 iuter
781 1877 841 1930 tres
868 1872 1117 1944 transpositiones,
1139 1874 1201 1928 aut:
1224 1883 1299 1941 ,mm

7 2044 8 2047 Ἴ
51 2036 56 2057 Ι
81 1970 85 2045 t
109 1974 142 2027 ut
162 1968 250 2030 liceat
271 1970 327 2030 sibi
348 1966 467 2046 videre,
490 1981 540 2034 aut
561 1991 634 2048 ,eum
659 1972 662 2045 i
687 1981 720 2033 ut
741 1970 799 2035 sibi
820 1975 919 2034 uidere
944 1971 1048 2047 liceat‘,
1070 1980 1120 2033 aut
1142 1990 1226 2046 ,eum,
1246 1970 1302 2031 sibi

12 2130 14 2139 ,
80 2071 111 2130 dt
133 2072 231 2133 ridere
253 2068 358 2135 lieeat‘.

183 2176 258 2236 Mihi
280 2179 394 2252 quidem
416 2178 510 2241 fateor
532 2181 654 2252 primam
678 2180 769 2240 videri
792 2180 1045 2253 elegantissimam.
1058 2179 1090 2254 θ’)

185 2281 297 2356 Restat,
318 2288 359 2357 ut,
381 2285 457 2359 quod
480 2287 638 2360 expositum
663 2290 726 2343 erat
748 2284 784 2342 de
806 2284 887 2357 pedis
902 2283 1019 2343 secundi
1039 2281 1185 2342 uocabulis
1199 2279 1302 2337 molos-

7 2382 14 2395 “
43 2370 49 2385 ’
84 2385 160 2457 sicis,
183 2384 260 2445 idem
282 2388 382 2455 eudem
404 2391 489 2450 modo
512 2391 541 2448 in
572 2390 648 2448 bunc
679 2388 780 2461 pedem
808 2391 917 2446 sextum
945 2387 1048 2447 eadere
1074 2386 1215 2444 diurnus.
1243 2382 1301 2442 Ne-

7 2474 12 2500 *
83 2504 138 2560 que
162 2490 237 2548 euim
259 2491 433 2555 Ritsehelius
455 2511 552 2567 opusc.
575 2494 620 2567 ΙΙ,
642 2509 669 2564 p.
694 2494 755 2552 686
779 2492 849 2551 satis
878 2495 1013 2551 accurate
1039 2489 1155 2548 easdem
1181 2487 1223 2545 ait
1255 2485 1302 2542 hic

10 2654 14 2665 ,
83 2608 197 2665 quoque
218 2594 313 2653 valere
335 2576 414 2669 lepos
428 2614 498 2673 quas
520 2600 550 2658 in
572 2599 613 2656 eis
637 2570 739 2670 verbis,
762 2611 834 2669 quae
856 2596 948 2668 ipsam
964 2594 1173 2667 subsequantur
1195 2586 1301 2648 senarii

8 2700 11 2710 ¹
83 2711 248 2757 caesuram:
281 2715 349 2758 nam
370 2701 428 2759 illie
451 2702 606 2761 molossica·
623 2701 776 2774 voeabula,
798 2699 853 2758 etsi
874 2714 957 2772 rara,
978 2701 1010 2757 at
1042 2711 1161 2771 prorsus
1187 2693 1302 2752 exclusa

82 2802 165 2856 certe
186 2815 245 2859 uon
268 2806 349 2875 suut;
371 2819 469 2863 verum
490 2806 521 2864 iu
547 2805 603 2865 hoc
634 2805 790 2887 septenasii
821 2804 884 2861 ioco
908 2803 1024 2861 omuino
1054 2801 1161 2859 nullam
1194 2796 1303 2856 habeut

80 2903 307 2963 exeusationem.
352 2907 435 2979 Quod
458 2924 549 2980 paene
575 2925 673 2968 omues
695 2907 829 2966 videntur
851 2905 976 2966 editores
998 2905 1140 2977 sensisse,
1167 2901 1216 2976 qui
1240 2899 1303 2973 qui·

80 3006 172 3080 dem,
194 3007 366 3084 ubicumque
387 3011 453 3069 huic
474 3013 532 3086 tegi
546 3012 676 3072 codicum
695 3013 838 3083 scriptura
851 3013 1039 3083 repugnaret,
1054 3025 1111 3067 nou
1131 3006 1216 3065 ueriti
1239 3007 1304 3062 suut

9 3172 11 3181 ,
44 3208 53 3219 .
80 3127 147 3170 eam
174 3114 335 3175 emendare.
379 3116 410 3174 Si
432 3116 523 3190 igitur
543 3116 615 3179 cist,
636 3117 692 3177 IV.
717 3116 754 3190 2,
778 3117 817 3174 te
842 3113 1014 3174 scribemus:

158 3224 168 3241 ⁰
193 3250 277 3324 ,Quid
299 3252 373 3312 istdc
394 3255 541 3328 negotist?
564 3253 614 3311 aut
637 3254 699 3327 quis
712 3254 798 3312 es?::
820 3253 885 3326 Ego
913 3250 990 3310 illius
1005 3267 1066 3309 sum
1081 3246 1183 3307 mater‘
1206 3243 1303 3310 toodd.

80 3350 149 3413 eum
186 3346 261 3414 illius
275 3358 314 3431 ‘),
350 3374 408 3417 uon
439 3359 546 3430 poterit
568 3359 683 3418 unrnino
706 3359 736 3416 iu
759 3357 814 3417 hoo
836 3353 1100 3431 „illius‘cegitari
1122 3352 1158 3410 de
1171 3349 1304 3427 molosso,

79 3464 213 3517 ceterum
236 3476 290 3533 ego
314 3478 441 3536 quoque,
466 3462 542 3536 quod
564 3461 738 3520 Ritscheiius
761 3463 875 3535 maluit,
897 3460 999 3518 molius
1021 3457 1094 3517 duco
1116 3454 1255 3515 scribere:

9 3636 12 3643 ,
188 3594 240 3633 ,-
262 3561 396 3641 [Egone]
418 3551 484 3639 ligo
507 3583 568 3624 sum
590 3567 666 3623 illius
688 3564 801 3624 tuebouf
824 3597 864 3605 -
887 3562 950 3622 Mil.
977 3562 1057 3636 385,
1080 3560 1129 3619 ubi
1150 3557 1200 3616 Ba
1222 3572 1304 3630 prae·

9 3712 11 3725 ,
79 3664 129 3724 bet
167 3666 247 3737 ,mihi
269 3669 397 3728 devertis
419 3669 508 3742 uisi,
529 3668 580 3726 Bb
610 3669 691 3737 ,mihi
713 3669 827 3727 devorti
850 3672 917 3726 sunt
939 3671 995 3740 v,‘,
1019 3664 1074 3726 CF
1096 3662 1176 3739 ,mihi
1199 3660 1305 3720 divorti

80 3836 290 3843 ----—----—-,*

114 3924 139 3989 *)
160 3922 220 3972 Mil.
243 3921 320 3982 1252,
339 3923 381 3971 ubi
401 3924 475 3970 codd.
495 3923 627 3985 praebent:
647 3899 705 3981 ‚Per
721 3921 833 3969 amorem
853 3920 875 3968 si
893 3919 954 3981 quid
972 3917 1065 3983 fecero,
1080 3914 1197 3966 clementi
1218 3913 1306 3964 auimo

150 4010 289 4073 ignoscet‘,
307 4008 464 4059 Ritschelius
483 4008 561 4056 etiam
579 4006 645 4055 hanc
663 4007 796 4070 proposuit
813 4004 1032 4054 emendationem:
1051 4028 1085 4053 ,-
1103 4001 1229 4064 ,oleme'nti
1250 4002 1306 4050 aui·

56 4100 68 4129 '¹
149 4098 214 4148 mod
233 4093 366 4160 ignoscet,
385 4110 462 4159 quam
485 4094 638 4143 reiciendum
661 4107 715 4141 esse
739 4099 845 4156 apparet
862 4092 901 4156 (iu
924 4106 951 4142 n.
975 4104 1032 4143 exe.
1054 4091 1135 4154 plaut.
1161 4090 1180 4140 l.
1202 4105 1228 4152 p.
1250 4086 1305 4151 65);

44 4168 49 4177 ⁵
100 4172 106 4181 ⁵
149 4188 247 4253 placet,
266 4184 334 4247 quod
352 4182 491 4231 Loreuzius
510 4180 619 4230 scribme
638 4181 693 4229 vult
711 4179 818 4245 (Philol.
839 4185 882 4243 ³2,
894 4195 918 4243 p.
938 4175 1011 4243 4³5):
1031 4175 1159 4241 ,clementi
1177 4176 1203 4225 id
1222 4173 1307 4225 auimo

66 4334 73 4345 ,
149 4272 290 4339 ignoscet.
