2960 4870
633 252 848 325 a..stan

187 492 188 497 ,
240 442 290 502 ia·
304 440 384 499 1322
408 438 492 514 ,Quid
514 437 685 514 derensis,
707 441 757 512 qui
778 432 870 501 istaec
892 437 946 496 tibi
967 428 1122 508 investiget
1143 433 1326 513 indicetque.
1352 428 1362 451 '
1403 408 1430 487 3-

242 545 332 604 Most.
357 538 1120 618 18311111111116161ιαῖ11116111111111111
1152 542 1194 601 ita
1227 558 1284 616 ego
1316 544 1358 603 is·

133 661 194 714 tam
214 648 354 711 amarim‘.
1358 638 1362 649 ’

175 820 180 837 ·
243 788 374 860 Denique
395 785 483 845 Poen.
509 784 666 859 1218‚1te
699 779 729 841 in
757 785 817 859 ius3
849 800 884 842 ne
903 782 1092 853 ,moraminizt
1123 781 1279 840 Antestare
1308 799 1357 842 me

137 889 335 968 6111611116.ι

244 1026 352 1102 Qiiodsi
373 1024 418 1083 his
435 1025 480 1112 in
493 1022 622 1082 versibus
644 1023 716 1082 nihil
737 1024 893 1082 viderimus
914 1039 976 1082 esse
998 1023 1116 1096 insoliti,
1139 1023 1197 1080 iam
1219 1038 1277 1080 nen
1299 1024 1355 1082 mi·
1400 988 1438 1103 s..

137 1137 275 1208 rabimur,
296 1147 352 1205 qua
373 1128 489 1217 tandem
518 1125 635 1184 fortuna
665 1125 728 1185 fieri
756 1129 897 1203 potuerit,
924 1132 957 1184 nt
999 1141 1155 1199 numquam
1186 1127 1355 1202 spondeum,
1405 1124 1428 1197 ”,

136 1240 290 1314 dactylum,
311 1236 499 1305 anapaestum
521 1232 697 1291 inveniamus
718 1233 749 1289 in
771 1233 845 1304 pede
866 1238 987 1306 quarto,
1003 1230 1128 1303 'semper
1157 1247 1261 1302 purum
1282 1232 1356 1290 iam·

7 1386 8 1397 ,
116 1344 214 1403 bum.
280 1339 356 1398 Nam
378 1336 409 1393 in
430 1336 578 1406 synarteta
609 1347 653 1405 ea,
682 1346 785 1405 quam·
800 1333 957 1393 Kraussins
986 1334 1091 1405 voluit,
1115 1331 1357 1410 conformatione,

137 1463 201 1507 cum
223 1443 303 1516 prior
326 1438 443 1512 dipodia
465 1437 608 1495 desineret
629 1452 692 1494 esse
714 1436 786 1495 orde
807 1437 986 1512 rhythmicus
995 1438 1095 1509 plenus
1119 1441 1205 1510 atque
1227 1439 1355 1512 integer,
1384 1422 1393 1445 ⁴
1449 1443 1450 1448 ’

137 1549 180 1609 illi
201 1544 346 1618 pedesne
367 1539 424 1599 hoc
446 1536 561 1610 quidem
588 1537 652 1595 loco
684 1537 772 1596 ullam
798 1538 938 1597 haberent
969 1537 1163 1599 offensionem.
1209 1526 1255 1602 It'a
1285 1559 1358 1602 vero
1443 1590 1448 1599 .

137 1668 202 1711 cum
223 1664 270 1707 res
292 1662 322 1704 se
344 1643 459 1716 habeat,
482 1641 620 1713 Gepperti
642 1640 680 1699 ad
703 1641 767 1705 Cas.
797 1642 860 1701 593
894 1643 1059 1703 coniectura
1089 1644 1154 1715 ipsa
1183 1662 1236 1719 per
1257 1663 1288 1707 se
1309 1649 1357 1706 161
1395 1647 1412 1695 ''-

137 1755 259 1813 maxime
280 1748 368 1808 dubia
389 1763 507 1820 prorsus
529 1750 573 1804 est
594 1745 783 1821 repudianda,
806 1763 870 1804 cum
893 1746 1001 1809 scribat
1030 1748 1096 1828 1116;
1124 1749 1240 1822 ,Verum
1271 1747 1357 1810 dbse·

138 1874 196 1931 cro,
223 1855 270 1914 dic
291 1869 337 1914 me
359 1849 478 1909 uxerem
499 1847 656 1921 implorare
678 1853 711 1907 ut
732 1850 812 1910 illam
835 1848 944 1910 exciret
971 1843 1071 1931 (codd.
1082 1852 1189 1924 ‚crare‘
1210 1870 1264 1926 pro
1287 1855 1352 1926 ,im-

136 1936 262 2036 plerare‘
283 1963 313 2017 et
332 1960 444 2028 ,exoret
464 1953 578 2030 iilam‘).
601 1985 642 1996 -

248 2093 308 2154 Sed
330 2092 561 2167 quoniam,qnae
584 2091 622 2150 ad
644 2091 787 2163 duplicem
810 2092 966 2164 septenarii
987 2092 1104 2152 iambici
1127 2110 1273 2154 caesuram
1291 2109 1358 2168 per·

139 2194 250 2273 tinent,
278 2198 375 2257 omnia
400 2196 471 2255 mihi
501 2193 601 2253 videor
633 2194 819 2267 exposuisse,
851 2197 979 2269 seqnitur
1014 2203 1047 2255 ut
1078 2198 1116 2256 ad
1142 2199 1262 2258 alteram
1296 2217 1360 2259 rem

98 2378 104 2389 .
139 2312 320 2365 transeamus
342 2301 547 2374 gravissimam
568 2299 745 2372 eandemque
767 2298 845 2358 haud
866 2300 908 2358 ita
930 2299 1043 2361 facilem
1066 2301 1234 2361 diiudicata.

243 2518 275 2587 ΙΙ.
319 2516 364 2585 be
385 2514 557 2584 vertutum
580 2494 738 2583 accentus
760 2530 831 2583 curn
855 2528 1058 2585 numerorum
1083 2516 1261 2586 rationibus

626 2618 880 2687 consociatione.

246 2800 280 2860 ln
302 2799 357 2858 hac
379 2798 547 2873 quaestione
569 2812 633 2855 cum
655 2798 784 2857 volumus
806 2814 919 2858 errores
941 2798 1051 2858 evitare
1070 2815 1128 2873 eos,
1143 2801 1193 2874 qui
1216 2814 1302 2874 saepe
1319 2818 1356 2860 ex

137 2908 227 2966 nimia
249 2909 367 2964 manant
389 2904 550 2966 severitate,
573 2903 618 2960 vel
640 2902 762 2961 maxime
784 2903 916 2975 interest,
939 2908 971 2961 ut
992 2901 1029 2961 ab
1052 2904 1093 2962 eis
1115 2904 1295 2977 septenariis,
1309 2907 1363 2978 qui
1478 2959 1479 2972 ,

139 3028 241 3071 scenas
264 3006 393 3067 efficiunt
415 3009 589 3077 continuas,
610 3022 709 3065 versus
730 3007 796 3065 illus
816 3007 847 3064 in
870 3007 990 3066 canticis
1012 3007 1157 3080 disperses
1179 3022 1265 3080 quam
1286 3009 1356 3067 dili-

140 3116 309 3189 gentissime
332 3113 550 3184 distinguamus.
595 3110 715 3169 Etenim
737 3109 768 3168 hi
790 3114 903 3169 tantum
929 3111 1028 3184 abest,
1054 3117 1086 3170 ut
1118 3113 1233 3171 illorum
1267 3111 1361 3171 adae-

136 3223 225 3295 quent
246 3215 501 3276 conformationem
523 3231 625 3287 puram
646 3219 733 3288 atque
768 3230 914 3291 severam,
943 3221 974 3274 ut
996 3217 1134 3277 nonnulla
1160 3216 1213 3278 hic
1236 3215 1371 3275 habeant

136 3325 262 3408 adquam
284 3322 494 3380 excusationem
515 3319 575 3377 illic
597 3318 673 3376 haud
696 3334 803 3392 parvae
825 3318 923 3380 futura
952 3319 1112 3383 offensioni.
1157 3320 1253 3395 Atque
1291 3323 1366 3380 uni·

136 3443 218 3488 verse
240 3425 381 3499 imprimis
403 3424 458 3482 hoc
479 3410 634 3481 tenendum
656 3428 708 3491 est,
731 3423 808 3497 quod
830 3423 1005 3483 Ritschehns
1025 3425 1115 3484 Prull.
1134 3442 1162 3498 p.
1187 3425 1288 3486 ccvss
1309 3442 1369 3498 pu·
1432 3491 1435 3501 ,

138 3533 195 3592 suit
215 3546 291 3604 ‚cum
313 3528 483 3602 quantitatis
505 3529 576 3599 eins,
598 3540 671 3600 quae
693 3528 723 3585 in
745 3533 842 3587 vetere
873 3528 1021 3588 comoedia
1050 3524 1166 3588 usitata'
1186 3528 1291 3602 fuerit,
1313 3547 1365 3588 se-

138 3637 260 3695 veritate
283 3649 393 3691 summa
414 3636 550 3691 accentus
572 3631 818 3691 observationem.
841 3632 935 3705 quoad
958 3634 1019 3692 eius
1040 3631 1103 3691 fieri
1126 3638 1232 3707 posset,
1255 3636 1357 3692 conci-

138 3742 238 3799 liatam
261 3735 344 3795 esse‘.
386 3735 445 3813 Sed
477 3739 510 3793 ut
535 3736 682 3794 ordiamur
712 3753 731 3795 a
758 3735 879 3808 pedihus
907 3743 1010 3811 quarto
1037 3739 1181 3808 61161116
1210 3737 1360 3797 artissime

140 3861 204 3902 cum
227 3843 277 3900 illo
299 3841 407 3912 iuncto,
430 3841 489 3899 iam
520 3854 608 3912 supra
634 3840 757 3899 diximus
787 3845 921 3914 quartum
948 3843 1051 3914 pedem
1066 3857 1139 3902 *esse
1168 3843 1198 3899 in
1225 3842 1361 3915 legitima
1447 3856 1452 3865 ·

139 3948 254 4023 quidem
276 3961 395 4004 caesura
417 3958 530 4017 semper
552 3958 655 4017 purum
676 3944 802 4003 iambum
826 3944 900 4022 (sive
925 3943 1140 4025 pyrrhichium)
1157 3949 1227 4006 item
1249 3951 1281 4004 ut
1297 3924 1388 4004 serf

139 4060 199 4112 tum
222 4049 326 4124 pedem
349 4048 470 4123 senarii3
492 4049 610 4106 tertium
633 4053 729 4111 autem
750 4049 852 4121 pedem
874 4066 940 4109 mox
967 4050 1121 4110 viderimus
1149 4055 1249 4124 quinte
1271 4067 1380 4113 sena.
1468 4127 1469 4132 ἵ

140 4157 177 4216 111
198 4153 412 4215 accuratissime
434 4154 608 4225 respondere
630 4158 749 4227 excepta
770 4170 828 4212 una
850 4170 892 4226 re,
915 4154 950 4213 de
973 4169 1029 4229 qua
1051 4158 1107 4214 erit
1127 4155 1205 4217 infra
1227 4156 1362 4230 pluribus

141 4260 292 4339 agendum.
339 4256 395 4318 Hic
417 4258 507 4332 igitur
529 4270 580 4332 pes
602 4258 765 4320 incredibili
787 4259 916 4323 abundat
938 4260 1121 4321 multitudine
1157 4262 1357 4337 varietateque
