2960 4870
658 222 996 330 ἔξω...

179 426 232 490 do:
255 432 291 504 ,ei
323 431 507 513 praedicabo,
530 434 671 512 quomodo
693 458 744 503 vos
766 441 844 504 frirta
866 441 961 505 facitis
988 440 1087 506 milte‘
1110 439 1205 518 (codd.
1234 438 1399 520 iacietis‘);

176 533 216 594 ib.
242 535 324 596 1254
343 541 450 611 optime
471 541 548 605 idem
569 545 710 611 restituit:
733 564 808 621 ,nam
831 544 928 608 vostra
958 550 1054 608 nutrix
1074 546 1169 633 prima
1189 534 1235 607 me
1257 543 1399 620 cognovit‘

177 654 231 713 pro
253 643 385 715 ‚primam
407 645 471 721 me‘,
494 649 571 722 qnod
593 652 657 722 ipsa
678 652 813 726 loquendi
836 654 1010 713 consuetudo
1029 658 1189 727 respueret,
1222 652 1397 725 eandemque

179 746 373 837 coniecturam
410 767 503 824 nuper
538 752 572 812 A.
599 754 740 814 Luchsins
762 758 793 815 in
815 757 939 843 Hermae
960 762 983 817 t.
1005 757 1046 816 Vl
1068 774 1096 830 p.
1120 759 1182 816 273
1205 758 1309 814 iterum
1331 771 1398 827 pro·

179 850 254 911 tulit.
278 882 309 894 —
341 852 422 913 Asin.
449 857 509 914 711
542 862 652 933 autem,
674 859 723 919 ubi
746 860 827 919 codd.
856 862 1013 934 praebent:
1045 861 1123 935 ,quid
1158 877 1233 919 nunc
1265 860 1397 933 quoniam

180 956 283 1016 amabo
305 952 415 1040 (ambo)
437 964 470 1019 nt
492 965 535 1021 est
556 962 679 1039 libitum,
701 981 753 1024 nos
776 965 938 1045 delusistis‘,
963 964 1084 1025 Bothius
1112 982 1147 1024 ex
1176 968 1259 1037 parte
1280 952 1398 1022 ‘secutus

178 1055 303 1119 Parenm
324 1063 456 1137 scripsit:
478 1065 562 1140 ,Quid
583 1066 677 1143 nino,
701 1072 835 1143 qnoniam
857 1070 942 1130 ambo
965 1067 1038 1145 nos,
1058 1074 1090 1128 ut
1112 1074 1156 1129 est
1177 1068 1299 1140 hbitum,
1315 1065 1396 1126 imbo

178 1161 342 1241 delusistis‘,
364 1183 428 1227 cum
449 1168 637 1232 Fleckeiseno
669 1175 762 1247 magis
784 1175 925 1247 placuerit
946 1176 987 1233 sie
1009 1191 1123 1234 versum
1136 1174 1302 1233 restituere:
1314 1169 1395 1245 ,Quid

177 1263 261 1340 nine,
285 1271 418 1342 quoniam
440 1272 524 1333 ambo
546 1272 607 1348 nos,
629 1279 661 1334 ut
691 1282 735 1336 est
768 1276 963 1352 conlibitum,
987 1277 1152 1337 delusistis.
1201 1275 1259 1336 Sed
1287 1276 1394 1335 leuissi-

176 1386 252 1429 mam
274 1380 395 1446 apparet
417 1392 480 1435 esse
502 1378 635 1452 Seyfferti
658 1381 890 1442 emendationem
914 1383 997 1440 huius
1030 1382 1087 1441 loci
1118 1382 1149 1440 in
1178 1380 1284 1445 Philol.
1306 1385 1328 1440 t.
1354 1381 1393 1438 27

177 1470 290 1556 (1868)
313 1494 340 1549 p.
364 1480 428 1538 440
449 1476 643 1555 propositam:
666 1486 750 1559 ,Quid
772 1486 858 1561 nnnc,
882 1487 1016 1561 quoniam
1041 1482 1172 1562 [umbos]
1188 1483 1281 1558 inibo,
1304 1488 1334 1542 ut
1354 1489 1396 1543 est

170 1576 297 1665 lubitum
318 1597 371 1640 nos
393 1583 547 1649 delusistis.

277 1716 408 1794 Denique
430 1739 466 1781 ne
488 1723 542 1783 hoc
564 1725 679 1799 quidem
701 1725 815 1784 videtur
837 1727 1026 1786 omittendum
1049 1742 1129 1801 esse,
1150 1727 1181 1785 in
1204 1727 1258 1786 hac
1280 1739 1394 1785 caesura

178 1818 251 1878 adeo
273 1824 381 1882 nnllam
404 1825 505 1886 haberi
543 1830 686 1888 rationem
712 1825 866 1888 verborum
892 1831 1101 1890 consecutionis
1130 1831 1392 1903 perpetuitatisqne,

182 1927 215 1980 ut
237 1926 323 1985 ctiam
346 1932 520 2000 pronomina
543 1937 572 1991 et
593 1935 821 2006 praepositiones
843 1935 880 1994 ab
903 1936 957 2008 eis,
985 1935 1023 1994 ad
1045 1951 1118 2009 qnae
1138 1935 1292 2008 pertinent,
1317 1948 1393 1990 voca

161 2018 250 2087 ‘brulis
272 2030 451 2093 divellantur.
496 2035 539 2098 cf.
552 2036 631 2096 Asin.
655 2038 716 2097 5721
742 2043 800 2112 ,tua
824 2033 827 2118 l
854 2038 982 2115 duritiaf.
1030 2038 1091 2098 644
1114 2037 1200 2113 ,quod
1222 2030 1392 2117 [faciemus

181 2132 243 2191 659
267 2135 382 2209 ,liberas
415 2132 659 2220 1113315155.-
684 2173 726 2183 -
755 2176 789 2184 —
813 2142 914 2229 Longe
937 2159 1004 2201 vero
1027 2144 1112 2202 ahter
1133 2157 1180 2200 res
1202 2157 1232 2198 se
1260 2140 1346 2199 habet
1365 2140 1392 2197 in

177 2235 270 2296 altera
292 2256 410 2302 caesura
434 2259 523 2318 eaque
545 2246 665 2321 rariore,
687 2261 761 2319 quae
784 2238 915 2319 estpost
935 2248 1088 2306 anacrusin
1111 2246 1201 2319 quinti
1224 2244 1306 2316 pedis
1328 2243 1392 2301 iarn·

175 2338 241 2415 hici,
264 2349 304 2416 ,ut
325 2362 412 2405 unam
433 2354 546 2420 partem
568 2350 707 2409 iambicus
729 2368 827 2409 uersus
853 2351 966 2423 expleat
995 2351 1116 2409 dimeter
1146 2348 1395 2422 hypercatalectus,

182 2446 304 2506 alteram
326 2450 489 2511 trochaicus
512 2452 635 2512 dimeter
657 2453 940 2528 brachycatalectus‘.
985 2452 1026 2514 cf.
1050 2453 1171 2524 Reisigii
1184 2452 1347 2511 Coniectan.
1367 2450 1395 2507 in

180 2550 271 2611 Arist.
294 2552 343 2613 lib.
367 2555 389 2628 I,
413 2570 474 2629 cap.
500 2557 528 2630 3,
550 2571 578 2629 p.
605 2559 664 2617 117
688 2576 750 2632 sqq.
795 2564 890 2633 Atque
912 2559 1022 2617 invenit
1044 2558 1120 2616 hanc
1142 2572 1298 2628 caesuram,
1317 2569 1394 2628 quarn

181 2660 265 2713 vocat
287 2659 465 2718 trochaicam
487 2649 640 2736 Reisigins,
664 2663 698 2723 G.
724 2667 827 2720 antem·
846 2663 1028 2721 Hermannus
1058 2662 1140 2720 elem.
1170 2675 1199 2733 p.
1233 2658 1293 2716 152
1323 2669 1394 2730 seqq·

178 2757 210 2815 in
233 2774 267 2818 ca
290 2765 386 2833 quarti
408 2763 489 2836 pedis
512 2765 694 2824 severitatem
715 2767 788 2824 vidit
814 2782 876 2825 esse
907 2767 1068 2838 neglectam
1096 2771 1125 2824 et
1156 2780 1240 2837 posse
1271 2764 1329 2822 iem
1353 2758 1393 2818 vel

184 2863 342 2934 spondeum
364 2867 409 2924 uel
432 2866 578 2942 dactylum
600 2870 688 2928 iambi
711 2871 802 2927 vicem
823 2875 986 2943 praestare,
1008 2886 1076 2928 nam
1088 2872 1275 2942 anapaestum
1289 2878 1393 2939 quoqne

178 2965 329 3027 admisisse
351 2969 405 3029 hoc
427 2972 491 3029 loco
514 2973 649 3032 Plautum
672 2974 788 3046 quidem
810 2990 894 3048 nego,
917 2978 1016 3046 utpote
1049 2975 1129 3033 cuins
1164 2973 1273 3031 nullum
1305 2970 1394 3028 exstet

177 3074 287 3128 certum
310 3075 478 3146 exemplum.
525 3072 696 3134 Terentium
718 3093 786 3134 vero
808 3076 1018 3149 huncquoque
1040 3076 1142 3149 pedem
1169 3075 1296 3146 coepisse
1318 3086 1392 3130 usur·
1470 3087 1471 3092 ¹

176 3188 248 3257 pare
270 3193 304 3234 ex
330 3178 467 3251 exemplis
489 3185 612 3252 apparet
632 3180 710 3240 haud
736 3181 844 3253 paucis.
892 3180 954 3238 lam
990 3179 1144 3238 Kranssius
1170 3179 1190 3236 l.
1224 3179 1244 3237 l.
1275 3191 1304 3249 p.
1334 3173 1390 3234 542

176 3280 255 3337 re'cte
276 3281 348 3339 vidit
370 3296 468 3341 versus
489 3282 544 3341 hac
566 3299 685 3343 caesura
706 3285 812 3343 incisos
834 3282 957 3342 inveniri
980 3283 1057 3356 apud
1069 3283 1204 3341 Plautum
1219 3266 1266 3339 v'ix
1283 3277 1390 3352 viginti,
1471 3356 1472 3367 ἵ

177 3383 289 3443 etiamsi
312 3384 456 3458 dispersos
480 3401 591 3461 quoqne
606 3388 856 3447 illosadhibueris.
902 3387 979 3459 Quos
993 3403 1091 3445 omnes
1104 3401 1272 3445 enumerare
1281 3386 1392 3456 longum
1470 3424 1472 3471 2

178 3490 206 3543 et
229 3503 469 3561 supervacaneum
493 3494 554 3553 est:
577 3495 647 3551 satis
669 3495 726 3550 erit
748 3508 782 3549 ex
805 3490 951 3549 continuis
974 3492 1067 3549 scenis
1094 3490 1223 3563 exempla
1253 3489 1391 3561 colligere.
1471 3512 1472 3517 ο

121 3594 123 3599 “
177 3590 249 3649 Sunt
270 3596 365 3651 autern
388 3592 476 3654 hacc:

126 3808 129 3814 Ι
278 3732 359 3790 Asin.
384 3732 446 3790 599
469 3730 624 3805 ,Interdius
645 3727 820 3805 negotiosus:
843 3728 976 3789 videlicet
998 3725 1140 3788 Solonem‘
1172 3724 1270 3801 (codd.
1300 3740 1391 3799 ,nego
1470 3700 1472 3743 ³

144 3822 148 3833 ’
178 3834 269 3893 tiosus
291 3836 431 3895 interdius
441 3835 459 3909 ‘,
481 3835 566 3908 pauci
588 3836 676 3895 etiem
720 3834 817 3903 ,Solon
840 3831 908 3910 est‘)
954 3831 1009 3892 Sed
1035 3832 1074 3891 ih.
1100 3826 1162 3893 689
1197 3832 1295 3890 malim
1327 3829 1391 3888 scri·

178 3936 260 3998 bere:
284 3938 317 4012 ,0
339 3939 458 4013 Libane,
481 3939 561 4012 mihi,
583 3935 705 4012 patrone
727 3938 775 4012 mi,
797 3936 882 3995 hade
896 3935 984 3997 istuc:
1004 3936 1096 4017 magis
1115 3930 1286 3994 decorumst‘
1299 3926 1392 4012 (codd.

180 4042 227 4113 ,mi
250 4047 371 4116 patrone
393 4041 490 4102 'mihi‘.
536 4041 578 4102 Of.
606 4041 684 4101 Men.
714 4042 785 4101 183.
813 4039 901 4100 Most.
926 4041 987 4098 336
1019 4040 1122 4112 ,anime
1149 4035 1221 4113 mi‘.)
1270 4036 1393 4109 ltemqnc

179 4145 344 4205 eximendus
365 4124 411 4204 est
432 4162 466 4205 ex
488 4145 543 4204 hoc
566 4161 685 4204 numero
706 4145 789 4202 Asin.
815 4145 888 4211 718,
910 4143 959 4202 nbi
979 4143 1061 4203 codd.
1084 4144 1329 4202 hunetestantur
1350 4156 1392 4197 or.

178 4249 275 4307 dinem
297 4250 466 4311 verborum:
491 4243 585 4323 ,Licet
606 4248 721 4306 laidem
743 4246 911 4321 Fortunam,
934 4251 1030 4307 temen
1055 4240 1058 4325 l
1083 4250 1116 4304 ut
1136 4245 1173 4304 ne
1198 4244 1324 4303 Salutem
1337 4240 1392 4302 cril-
1470 4254 1472 4329 J

179 4352 266 4428 pem;‘
290 4368 373 4428 quem
394 4370 507 4414 versum
529 4370 588 4414 non
609 4352 682 4413 bene
704 4349 907 4435 Fleckeisenus
930 4351 970 4411 sic
993 4349 1094 4412 scribit
1117 4365 1151 4409 ac
1180 4349 1316 4408 metitur:
1338 4345 1407 4423 ,Li-.
