2960 4870
698 252 969 326 ..q..·

648 432 675 571 'l
713 434 757 503 lle
780 432 942 504 masuris.

284 596 469 670 Septenarius
483 597 621 659 iambicus
634 600 678 655 est
691 600 876 655 tetrametrus
886 595 1080 671 catalecticus,
1092 600 1264 670 compositus
1276 613 1312 656 ex
1323 598 1404 670 dipo-

183 702 238 762 diia
260 701 370 761 duabus
393 701 553 760 acatalecta
575 704 605 758 et
626 699 803 773 catalectico,
826 700 906 758 cuius
928 715 1048 759 caesura
1069 700 1199 774 legitima
1221 705 1340 774 estpcst
1357 719 1404 774 pc·

185 808 250 869 deun
272 810 405 879 quartum
427 805 486 864 siue
509 803 657 877 dipodiam
678 804 814 876 priorem.
862 803 955 875 'Apud
987 805 1110 863 comicos
1140 809 1236 863 autem
1269 804 1404 879 Graecos,

183 914 232 987 qui
253 910 419 983 saepissime
441 924 506 967 eum
528 912 668 980 usurpant
692 939 728 948 -
754 923 821 969 nam
842 912 943 980 poetas
965 909 1093 981 tragicos
1115 909 1233 967 omnino
1249 909 1404 968 verisimile

185 1020 229 1077 est
250 1030 404 1087 numquam
426 1010 481 1071 hoc'
503 1027 590 1070 versu
609 1028 676 1071 usos
698 1027 761 1070 esse
786 1044 820 1055 -
848 1011 926 1085 apud
949 1011 1014 1071 illos
1036 1013 1126 1086 igitur
1148 1028 1212 1071 curn
1243 1013 1281 1073 ait
1303 1030 1403 1088 synar·

183 1126 268 1194 tetus,
291 1117 389 1177 LatIni
411 1133 480 1175 eurn
497 1116 648 1175 voluerunt
670 1113 731 1174 fene
752 1120 949 1190 asynartetum
971 1131 1041 1177 esse.
1087 1116 1128 1175 Et
1149 1116 1268 1177 Plautus
1290 1118 1403 1190 potissi·

184 1241 261 1284 mum
282 1223 407 1281 maxima
429 1219 556 1279 abundat
579 1220 772 1293 exemplorum
792 1218 937 1295 ubertate3
959 1220 1112 1281 Terentius
1143 1237 1211 1281 vero
1233 1239 1402 1295 quamquam

184 1345 220 1387 ne
242 1328 289 1386 hic
312 1325 426 1399 quidem
448 1340 567 1396 prorsus
589 1324 689 1382 reiecit
711 1306 907 1398 asynartetam
930 1339 1063 1384 versuum
1094 1325 1197 1384 horum
1219 1323 1353 1398 formam,
1375 1329 1403 1385 at

185 1432 299 1505 parcius
321 1435 417 1488 tamen
439 1429 525 1488 istam
547 1427 664 1487 admisit
686 1428 832 1487 licentiam
853 1424 902 1501 (cl.
918 1429 1075 1489 Hermann.
1100 1430 1180 1489 elem.
1203 1429 1297 1490 doctr.
1321 1434 1401 1489 mets.

183 1552 211 1608 p.
238 1533 312 1608 1503
334 1533 361 1592 J.
384 1531 503 1591 Krauss.
527 1532 562 1592 N.
585 1531 661 1592 Mus.
685 1531 779 1590 Rhen.
801 1537 822 1591 t.
845 1531 929 1606 VIII,
952 1547 981 1606 p.
1006 1531 1068 1591 533
1091 1528 1177 1612 sqq).
1222 1532 1324 1593 Potest
1350 1534 1401 1607 igi-

183 1645 231 1698 tur
262 1626 417 1710 postrema
430 1637 536 1708 piioris
573 1634 708 1707 dipodiae
731 1633 841 1709 syllaba
863 1635 958 1713 brevis
980 1650 1042 1695 esse
1065 1642 1094 1695 et
1116 1637 1290 1712 synaloephe
1313 1638 1400 1697 conti·

183 1758 304 1816 guarum
326 1741 356 1798 in
378 1743 498 1813 utraque
521 1737 640 1812 dipodia
662 1739 803 1797 vocalium
819 1739 1034 1815 neglectaque
1057 1739 1135 1800 lacto
1151 1742 1280 1801 nascitur
1302 1741 1400 1800 hiatus.
1460 1789 1461 1806 2

184 1846 258 1920 Quin
281 1845 367 1903 etiarn
389 1847 418 1902 et
440 1843 536 1902 hiatus
558 1845 587 1900 et
610 1841 720 1915 syllaba
745 1858 850 1916 auceps
873 1844 1039 1916 saepissime
1060 1846 1091 1903 in
1120 1846 1220 1905 ecdem
1252 1860 1336 1904 versu
1365 1847 1400 1903 le-

184 1955 295 2026 guntur
313 1948 475 2007 coniuncta
521 1946 707 2025 Eandemque
730 1946 767 2005 ob
790 1962 904 2006 causam
925 1952 1043 2021 quartus
1064 1963 1131 2023 pes,
1162 1950 1266 2022 quippe
1295 1950 1327 2008 in
1351 1964 1399 2023 quc

185 2056 294 2117 ordinis
316 2051 472 2126 rhythmici
495 2049 559 2109 finis
582 2052 639 2123 sit,
664 2055 732 2110 ante
756 2051 830 2110 hanc
853 2068 1001 2111 caesuram
1022 2052 1187 2155 legitimam
1205 2054 1266 2112 sine
1287 2053 1399 2113 ullaex-

184 2158 314 2232 captione
336 2154 425 2214 habet
445 2153 571 2213 iambum
594 2155 654 2212 sive
676 2154 883 2227 pyrrhichium.

287 2259 397 2321 Sedut
406 2262 576 2330 ctogucsca
576 2274 619 2331 ur,
643 2262 712 2331 quot
734 2256 794 2316 lere
817 2275 916 2323 versus
939 2258 1078 2333 syllabam
1101 2259 1255 2332 ancipitem
1283 2265 1326 2320 et
1345 2207 1399 2318 hia·

202 2382 250 2424 um
272 2363 407 2435 habeant
431 2366 476 2421 sat
476 2362 502 2420 is
525 2361 627 2434 opinor
650 2362 706 2419 erit
728 2376 763 2419 ex
786 2379 843 2421 una
865 2361 964 2422 fabula
986 2365 1116 2436 exempla
1137 2364 1287 2437 colligere,
1323 2362 1401 2423 velut

187 2487 221 2528 ex
242 2466 337 2526 Milite
360 2466 501 2525 Glorioso·
546 2465 585 2524 Et
607 2466 660 2524 illa
687 2465 820 2539 quidem,
854 2482 926 2539 quae
949 2467 1060 2540 syllaba
1091 2472 1212 2549 qtuntur
1237 2467 1324 2527 brevi
1347 2468 1401 2526 siue

185 2575 275 2645 hiatu,
298 2585 442 2644 perpauca
464 2573 538 2643 suut
562 2570 586 2627 si
601 2585 701 2627 eorum
721 2571 867 2643 sequimur
890 2572 1069 2646 senteutiam,
1094 2573 1243 2646 quI‚,cum
1265 2570 1402 2644 principio

190 2675 304 2752 quidem
326 2674 443 2747 plurimi
467 2672 620 2731 verborum
643 2674 735 2731 exitus
756 2674 860 2746 longas
883 2674 1036 2733 habuerim
1070 2676 1202 2750 vocales,
1230 2675 1321 2736 multa
1349 2674 1402 2733 eius

184 2781 227 2839 rai
250 2779 373 2851 vestigia
396 2777 482 2835 etiarn
504 2777 581 2849 apud
604 2776 738 2836 Plautum
760 2782 930 2836 conservata
956 2783 1068 2838 exstare
1100 2779 1284 2840 arbitrentur.
1330 2774 1403 2852 Quod

184 2900 284 2942 verum
306 2896 368 2942 esse
392 2880 516 2939 libenter
539 2880 731 2954 concedimus,
753 2881 796 2939 ita
818 2885 926 2955 tamen,
949 2887 981 2940 ut
1002 2883 1033 2941 iu
1055 2883 1192 2943 diverbiis
1214 2883 1344 2945 dicamus
1366 2895 1402 2939 se-

184 2989 312 3053 cundum¹
330 2986 469 3044 sermonis
491 2985 648 3043 communis
665 2983 901 3043 consuetudinem
923 2970 1089 3047 hosexitus
1111 2989 1168 3047 ianr
1184 2993 1252 3047 tunc
1267 2984 1327 3046 fere
1339 2999 1402 3044 sem-

111 3072 115 3079 ’
185 3108 318 3169 perpro
340 3088 476 3148 brevibus
499 3105 560 3148 esse
582 3088 786 3163 usurparunt),
809 3089 840 3146 in
862 3090 969 3167 talibus
990 3107 1059 3151 vero
1082 3109 1214 3152 versuum
1235 3092 1307 3150 locis
1329 3086 1401 3148 facil·

183 3199 252 3257 llme
274 3196 404 3268 potuisse
426 3194 579 3266 pristinam
602 3207 775 3264 recuperare
797 3193 1012 3266 longitudinem.
1048 3196 1121 3257 Sunt
1142 3198 1232 3271 igitur
1252 3188 1404 3254 huiusmodi

191 3301 320 3373 exempla
342 3298 430 3356 haec:
564 3350 566 3353 ,

288 3402 353 3462 Μ11.
396 3398 457 3459 3115
481 3401 529 3473 ,sis
552 3398 680 3458 subdola.
703 3393 706 3477 Ι
733 3421 754 3455 z:
778 3395 855 3457 Cedo
877 3398 922 3458 vel
948 3400 996 3442 —‘

292 3562 294 3565 ,
395 3504 459 3563 414
483 3501 625 3577 ,fluctibus
647 3494 656 3581 Ι
680 3501 728 3560 ubi
754 3500 803 3541 ·-‘

390 3584 707 3681 42211111111011101
731 3600 735 3687 Ι
761 3624 785 3667 z:
808 3606 899 3666 Immo
922 3606 973 3649 -‘

395 3711 456 3770 912
480 3709 625 3784 ‚ancillula
647 3704 652 3788 Ι
677 3715 728 3768 tua
750 3709 801 3770 abs
823 3709 854 3770 te
877 3709 928 3751 -‘

396 3815 457 3874 927
482 3820 588 3889 ,cetera
616 3808 620 3892 Ι
644 3815 675 3872 ni
692 3802 749 3877 ¹-.‘
839 3872 841 3875 ,

394 3919 455 3978 936
480 3917 562 3992 ,bene
584 3915 647 3975 rem
669 3932 738 3990 gere
762 3921 793 3976 at
818 3913 820 3995 Ι
846 3933 900 3990 ego
925 3915 1002 3976 nunc
1025 3916 1085 4003 -‘·

373 4023 455 4099 1229
478 4018 571 4096 ,cdpia
596 4015 600 4100 Ι
624 4036 706 4094 quern
728 4018 876 4080 amd‘'·-

199 4174 403 4188 wo.

247 4260 366 4322 )Velut
386 4259 410 4307 Α
429 4256 515 4307 brevis
540 4257 625 4306 estin
644 4255 693 4307 hcc
711 4270 796 4312 uersu·
818 4255 877 4307 Mil.
897 4260 946 4305 302
966 4254 1061 4318 ,Salva
1081 4252 1254 4304 architecterz
1249 4250 1353 4300 Salva
1370 4242 1406 4297 rit·

182 4349 231 4400 Sed
249 4347 292 4400 dic
309 4344 384 4410 mihi,
403 4344 494 4408 ecquid
511 4341 555 4393 blc
573 4350 606 4397 te
625 4372 658 4382 -
