2960 4870
53 1653 54 1656 ¹
137 1600 143 1609 ⁸
175 1575 266 1688 Inter
282 1630 397 1688 cantica
410 1629 546 1689 Plautina
568 1628 707 1703 singulari
728 1629 842 1688 excellit
863 1629 1014 1702 diligentia
1027 1630 1225 1705 serenumque
1247 1648 1296 1706 pe·

60 1745 138 1811 ,dum
166 1742 373 1815 compositione
395 1744 575 1815 septenarius
596 1741 745 1817 iambicus,
768 1759 824 1816 quo
855 1745 969 1802 nomine
991 1743 1145 1804 Diomedes
1167 1743 1218 1819 (K.
1239 1747 1295 1805 vol.

69 1847 190 1922 lfasc.
214 1847 251 1916 ll,
273 1862 302 1918 p.
327 1841 404 1921 5153
426 1846 460 1907 P.
483 1862 512 1919 p.
535 1840 612 1923 514)
634 1850 665 1905 et
685 1845 806 1906 Rufinus
829 1843 875 1920 (P.
908 1864 937 1920 p.
970 1844 1068 1922 2706)
1098 1852 1296 1909 tetrametrum

69 1952 227 2011 iambicum
249 1952 449 2009 catalecticum
470 1967 489 2009 a
511 1950 642 2009 Varrone
663 1956 794 2011 notatum
816 1967 878 2010 esse
906 1956 1138 2015 commemorant.
1182 1953 1296 2014 Isver·

70 2072 126 2130 sus,
152 2071 210 2128 qna
231 2057 276 2113 cst
297 2050 447 2111 hilaritate
469 2050 594 2125 quadam
616 2066 650 2110 ac
672 2049 842 2123 mobilitate,
864 2052 908 2109 uel
930 2051 1052 2111 marium
1074 2056 1158 2124 aptus
1178 2050 1295 2115 videba-

56 2130 115 2218 'tur
139 2172 204 2216 esse
226 2156 263 2216 ad
286 2154 505 2228 significandam
528 2159 557 2213 et
579 2155 742 2227 argumenti
776 2159 806 2214 ct
832 2154 1025 2214 diverbinrum
1052 2157 1293 2229 progressionem.

53 2240 124 2323 'bed
149 2267 248 2321 tamen
266 2260 356 2319 multo
378 2259 524 2318 invenitur
544 2259 640 2317 rarius
662 2275 747 2332 quam
770 2259 948 2331 septenarius
970 2259 1133 2319 trochaicus
1155 2264 1206 2319 aut
1226 2277 1295 2321 vero

53 2363 203 2427 'muamus
224 2362 372 2424 iambicus.
416 2363 451 2421 In
472 2362 618 2422 nonnullis
646 2361 724 2421 enirn
745 2362 910 2432 ‹rumoediia
933 2363 1062 2421 velutin
1084 2362 1295 2436 Amphitruone

53 2475 100 2542 ,et
121 2467 325 2541 Bacchidibus,
348 2468 464 2535 omnino
486 2482 543 2524 non
566 2470 669 2540 exuat,
691 2466 722 2524 in
745 2466 821 2539 aliis,
842 2469 874 2524 ut
896 2467 926 2524 in
948 2466 1101 2542 Pseudulo,
1114 2467 1295 2544 Trinummo,

73 2572 219 2648 Gapuuls,
241 2570 456 2644 Menaechmis,
478 2570 600 2644 casina,
622 2570 790 2644 Aulularia,
821 2571 928 2643 singuli
950 2570 1033 2630 huius
1056 2573 1169 2644 generis
1191 2588 1291 2633 versus

73 2677 242 2750 permedia
265 2674 387 2748 dispersi
410 2674 523 2734 cantica
544 2675 690 2747 leguntur.
735 2673 878 2733 Plurimos
894 2672 1008 2747 quidem
1030 2677 1209 2747 septenarios
1226 2692 1294 2736 con·

57 2780 147 2843 tinet
168 2778 313 2853 Asinaria,
335 2794 385 2838 us.
408 2775 541 2852 cccxi,
563 2777 691 2852 sequitur
712 2777 808 2852 Miles,
830 2791 904 2850 quae
926 2776 986 2837 lere
1009 2777 1093 2851 CCX,
1116 2778 1293 2839 deindeRu-

53 2883 154 2958 ,dena
175 2898 247 2958 quae
270 2883 307 2942 ad
330 2882 377 2942 OG
397 2881 512 2941 habeat.
557 2882 619 2940 Hos
639 2882 729 2955 igitur
751 2883 899 2940 universos
921 2898 957 2940 ne
978 2882 1036 2941 illis
1058 2881 1172 2956 quidem
1194 2898 1295 2957 excep·

77 2988 114 3045 tis
137 2988 255 3060 siugulis
277 3003 341 3044 cnm
364 2985 635 3060 computaverimus,
665 2986 703 3044 ad
730 3002 776 3047 vr.
807 2983 911 3045 MOOG
938 2990 1051 3045 exstase
1078 2985 1238 3047 videbimus
1263 2990 1295 3047 in

39 3077 40 3086 ’
76 3090 127 3164 eis,
148 3105 219 3165 quae
240 3089 279 3149 ad
309 3094 437 3149 nostram
466 3087 607 3155 durarum
636 3092 773 3163 aetatem,
804 3088 900 3148 Plauti
931 3089 1097 3150 comoediis.
1142 3089 1185 3149 cf.
1217 3091 1293 3155 Mna.

36 3228 53 3267 q
77 3188 168 3254 Rhen.
190 3199 210 3253 t.
234 3194 342 3269 XXVI,
364 3210 392 3266 p.
417 3193 490 3267 621,
513 3191 581 3252 adn.
605 3191 658 3252 51.

35 3297 36 3302 ’
174 3296 229 3357 Sed
251 3302 405 3372 antequam
427 3297 465 3356 ad
486 3297 606 3371 regulas
632 3296 768 3370 legesque
797 3295 881 3353 huius
913 3311 1011 3353 versus
1037 3299 1183 3354 transeam
1206 3309 1293 3371 erpo·

75 3399 192 3476 nendas,
218 3418 311 3474 pauca
339 3402 376 3460 de
414 3401 527 3461 ratione
558 3400 642 3459 huius
674 3398 849 3473 quaestionis
880 3399 1065 3471 praemittere
1092 3398 1162 3459 mihi
1196 3400 1283 3459 liceat

77 3500 151 3559 Nem
172 3504 195 3562 si
216 3505 247 3562 in
268 3498 439 3577 unaquaque
460 3519 492 3561 re
514 3503 545 3561 in
567 3503 694 3576 singulos
717 3515 816 3560 versus
837 3506 868 3560 et
888 3500 992 3574 ubique
1015 3501 1169 3575 dissipatos
1192 3504 1294 3563 vellem

35 3615 36 3630 ³
79 3607 235 3665 accuratius
256 3608 418 3681 inquirere,
440 3605 517 3665 baud
539 3620 631 3678 parva
660 3605 729 3664 iude
758 3605 894 3665 evaderet
925 3619 1007 3664 mora
1036 3611 1122 3678 atque
1153 3603 1293 3668 confusio.

38 3724 53 3756 Ηι
80 3705 191 3767 Etenim
213 3710 347 3783 permulti
370 3725 405 3768 ex
427 3709 598 3769 coniecturis
629 3708 727 3782 eisque
758 3723 844 3781 saepe
872 3708 943 3766 satis
978 3708 1096 3766 incertis
1129 3710 1174 3767 rel
1201 3709 1295 3770 dubiis

47 3837 50 3844 ·
82 3823 206 3871 versuum
229 3813 471 3886 descriptionibus
492 3813 550 3872 orti
572 3817 647 3872 sunt.
692 3813 754 3884 Qua
776 3812 813 3871 de
834 3827 921 3871 causa
943 3810 1075 3871 universe
1096 3812 1127 3870 in
1159 3815 1201 3881 eis
1229 3827 1294 3872 rer-

87 3916 160 3972 satns
182 3933 243 3974 sum
265 3915 389 3990 fabulis,
411 3916 461 3975 ubi
483 3932 536 3989 per
557 3932 659 3976 scenas
681 3917 834 3975 continuas
856 3915 901 3974 sel
922 3930 975 3987 per
997 3916 1121 3975 maiores
1143 3917 1293 3976 dumtaxat

45 4035 46 4042 ι
84 4028 225 4078 scenarum
247 4025 345 4093 partes
367 4020 397 4078 bi
420 4036 520 4079 versus
541 4018 646 4094 fluunt,
668 4020 710 4080 ita
731 4024 837 4093 umen,
859 4020 944 4078 utin
965 4018 1147 4093 grauioribus
1169 4020 1293 4093 quaesti·

84 4117 189 4196 ouibus,
211 4123 312 4197 quibus
334 4125 466 4184 universa
488 4125 530 4183 uti
552 4124 674 4185 materia
695 4124 771 4182 bono
794 4127 870 4182 esset
891 4124 974 4198 usui,
1005 4123 1150 4199 dispersos
1183 4134 1295 4201 quoque

84 4216 150 4282 illos
170 4226 345 4291 adhiberem.
368 4259 408 4272 -
431 4227 493 4288 Iam
514 4227 553 4290 ad
573 4229 738 4293 institutum
759 4242 922 4304 pergamus·
